% Глава 1

@misc{kuznetsov,
  title = {Кузнецов Д.А. Классификация промышленных роботов / Д.А. Кузнецов, М.А. Чернышев, Д.Ю. Ротарь // Новое слово в науке и практике. --2017. --№ 1. --С. 75-80.}
}

@misc{creating_a_ros_package,
  title = {Creating a ROS Package [Электронный ресурс]: \url{http://wiki.ros.org/ROS/Tutorials/CreatingPackage}. -- (дата обращения 15.05.2021)}
}

@misc{gost_9294_93,
  title = {ГОСТ Р ИСО/МЭК ТО 9294-93. Государственный стандарт Российской федерации. Информационная технология. Руководство по управлению документированием программного обеспечения [Текст]: дата введения 1994-07-01. --М.: Госстандарт России: Стандартинформ, 2008. --11 с.}
}